<?xml version="1.0" encoding="UTF-8"?><collection xmlns="http://www.loc.gov/MARC21/slim"><record><leader>00519nam--2200193-u-4500</leader><controlfield tag="001">000055428</controlfield><controlfield tag="002">20161230</controlfield><controlfield tag="005">20161230201052</controlfield><controlfield tag="008">130207s1000------------r-----000-0-eng-d</controlfield><datafield ind1=" " ind2=" " tag="040"><subfield code="a">IFIN-HH</subfield></datafield><datafield ind1=" " ind2=" " tag="080"><subfield code="a">413.232=5=R</subfield></datafield><datafield ind1="1" ind2=" " tag="100"><subfield code="a">Porn, Eug</subfield></datafield><datafield ind1="1" ind2="0" tag="245"><subfield code="a">Dictionar italian-roman</subfield><subfield code="c">Eug. porn, c. perussi</subfield></datafield><datafield ind1=" " ind2=" " tag="260"><subfield code="a">Bucuresti</subfield><subfield code="b">Editura Librariei Universali8a Alcaly &amp; Co</subfield><subfield code="c">/F.An</subfield></datafield><datafield ind1=" " ind2=" " tag="300"><subfield code="a">536P</subfield></datafield><datafield ind1=" " ind2=" " tag="490"><subfield code="a">Biblioteca Pentru Toti</subfield></datafield><datafield ind1="1" ind2=" " tag="700"><subfield code="a">Perussi, C</subfield></datafield><datafield ind1=" " ind2=" " tag="852"><subfield code="a">D.156</subfield><subfield code="c">SLG</subfield></datafield><datafield ind1=" " ind2=" " tag="CAT"><subfield code="a">Sys</subfield><subfield code="c">20130207</subfield><subfield code="h">160420</subfield></datafield></record></collection>